@manual{sample,
  organization = {TU Dortmund, Fakultät Physik},
  title = {Versuch zum Literaturverzeichnis},
  year = 2022
}

@online{Lossfueicecube,
  title={On the limited memory BFGS method for large scale optimization},
  doi={10.1007/BF01589116},
  author={Nocedal, Jorge}
}

@manual{V15,
  organization = {TU Dortmund, Department of physics},
  title = {V15-Characterization of silicon strip sensors},
}

@manual{SciFi,
  organization = {TU Dortmund, Department of physics},
  title = {Lab Course E5a: Measurement of scintillating fibres for the LHCb experiment},
}

@manual{LHCbCPV,
  organization = {TU Dortmund, Department of physics},
  title = {Measurement of matter-antimatter asymmetries with the LHCb experiment},
}

@manual{V46,
  organization = {TU Dortmund, Fakultät Physik},
  title = {V46-Faraday-Effekt an Halbleitern},
}
@manual{V46Anhang,
  organization = {TU Dortmund, Fakultät Physik},
  title = {Anhang 1 V46-Faraday-Effekt an Halbleitern},
}
@online{Halbleiter,
  title = {Dotierte Halbleiter},
  url = {https://slideplayer.org/slide/885648/},
  urldate = {2023-04-17}
}

@online{Brechungsindex,
  title = {Brechungsindex von Gallium Arsenide},
  url = {https://www.filmetrics.de/refractive-index-database/GaAs/Gallium-Arsenide},
  urldate = {2023-04-20}
}

@online{Masse,
  title = {Gallium Arsenide Basic Parameters at 300 K} ,
  url = {http://www.ioffe.ru/SVA/NSM/Semicond/GaAs/basic.html},
  urldate = {2023-04-20}
}

@online{D1,
  title = {Optical Pumping of Rubidium},
  url = {http://mxp.physics.umn.edu/s11/Projects/S11_OpticalPumping/theory1.htm},
  urldate = {2023-05-03}
}

@manual{V21,
  organization = {TU Dortmund, Fakultät Physik},
  title = {V21-Optisches Pumpen},
}

@online{Optical_Pumping,
  title = {Optical Pumping},
  url = {https://www.phas.ubc.ca/~phys409/manuals/Optical_Pumping-CalTech.pdf},
  urldate = {2023-05-05}
}

@manual{V60,
  organization = {TU Dortmund, Fakultät Physik},
  title = {V60-Der Diodenlaser},
}

@online{Besetzungsinversion,
  title = {Besetzungsinversion},
  url = {https://en.wikipedia.org/wiki/Population_inversion},
  urldate = {2023-05-15}
}

@online{pn_uebergang,
  title = {pn-Übergang},
  url = {https://technik.reicke.de/egrundlagen4.php},
  urldate = {2023-05-15}
}

@book{laser,
  title     = "Laser (Bauformen, Strahlführung, Anwendungen)",
  author    = "Hans Joachim Eichler, Jürgen Eichler",
  year      = 2015,
  publisher = "Springer-Verlag",
  address   = "Berlin Heidelberg"
}

@manual{V61,
  organization = {TU Dortmund, Fakultät Physik},
  title = {V61 HeNe-Laser},
}
@online{Vakuum_Definition,
  author = "pfeiffer-vacuum.com",
  title = "Einführung in die Vakuumtechnik",
  URL = "https://www.pfeiffer-vacuum.com/de/know-how/einfuehrung-in-die-vakuumtechnik/allgemeines/vakuum-definition/",
  website = "PFEIFER VACUUM",
  urldate = {2023-07-10},
}
@online{Leitwert,
  author = "pfeiffer-vacuum.com",
  title = "Leitwert",
  URL = "https://www.pfeiffer-vacuum.com/de/know-how/einfuehrung-in-die-vakuumtechnik/grundlagen/leitwert/",
  website = "PFEIFER VACUUM",
  urldate = {2023-07-10},
}
@online{Pfeiffer_Vakuum,
  author = "pfeiffer-vacuum.com",
  title = "Vakuum-Definition",
  URL = "https://www.pfeiffer-vacuum.com/de/know-how/einfuehrung-in-die-vakuumtechnik/",
  website = "PFEIFER VACUUM",
  urldate = {2023-06-13},
}
@online{Pfeiffer_Drehschieberpumpe,
  author = "pfeiffer-vacuum.com",
  title = "Drehschiebervakuumpumpen",
  URL = "https://www.pfeiffer-vacuum.com/de/know-how/vakuumerzeugung/drehschiebervakuumpumpen/aufbau-funktionsprinzip/",
  website = "PFEIFER VACUUM",
  urldate = {2023-06-13},
}
@online{Turbopumpe,
  author = "Universität Kiel",
  title = "Physikalisches Praktikum Vakuum",
  URL = "https://etpwww.etp.kit.edu/~simonis/praktikum/musterprotokolle/P2/Vakuum/Vakuum-2012-Fleig+Krause.pdf",
  urldate = {2023-06-13},
}
@online{Pfeiffer_Turbomolekularpumpen,
  author = "pfeiffer-vacuum.com",
  title = "Turbomolekularpumpen",
  URL = "https://www.pfeiffer-vacuum.com/de/know-how/vakuumerzeugung/turbomolekularpumpen/aufbau-funktionsprinzip/",
  website = "PFEIFER VACUUM",
  urldate = {2023-06-13},
}
@online{Druckmessung,
  author = "pfeiffer-vacuum.com",
  title = "Grundlagen der Totaldruckmessung",
  URL = "https://www.pfeiffer-vacuum.com/de/know-how/vakuummessgeraete/grundlagen-der-totaldruckmessung/indirekte-gasartabhaengige-druckmessung/",
  website = "PFEIFER VACUUM",
  urldate = {2023-06-13},
}
@manual{V70,
  organization = {TU Dortmund, Fakultät Physik},
  title = {V70-Vakuumversuch},
  year = 2018
}

@article{CKM_paper,
    author = {Kobayashi, Makoto and Maskawa, Toshihide},
    title = "{CP-Violation in the Renormalizable Theory of Weak Interaction}",
    journal = {Progress of Theoretical Physics},
    volume = {49},
    number = {2},
    pages = {652-657},
    year = {1973},
    month = {02},
    doi = {10.1143/PTP.49.652},
    url = {https://doi.org/10.1143/PTP.49.652},
}