@online{Lambda0,
  title = {PDG} ,
  url = {https://pdg.lbl.gov/2022/listings/contents_listings.html},
  urldate = {2023-05-31}
}
@article{Datta_2018,
	doi = {10.1103/physrevd.97.115038},
	url = {https://doi.org/10.1103%2Fphysrevd.97.115038},
	year = 2018,
	month = {7},
	publisher = {American Physical Society ({APS})},
	volume = {97},
	number = {11},
	author = {Alakabha Datta and Jacky Kumar and Jiajun Liao and Danny Marfatia},
	title = {New light mediators for the 
		$\less$mml:math xmlns:mml="http://www.w3.org/1998/Math/{MathML}" display="inline"$\greater$$\less$mml:msub$\greater$$\less$mml:mi$\greater$R$\less$/mml:mi$\greater$$\less$mml:mi$\greater$K$\less$/mml:mi$\greater$$\less$/mml:msub$\greater$$\less$/mml:math$\greater$
		 and 
		$\less$mml:math xmlns:mml="http://www.w3.org/1998/Math/{MathML}" display="inline"$\greater$$\less$mml:msub$\greater$$\less$mml:mi$\greater$R$\less$/mml:mi$\greater$$\less$mml:msup$\greater$$\less$mml:mi$\greater$K$\less$/mml:mi$\greater$$\less$mml:mo$\greater${\ast}$\less$/mml:mo$\greater$$\less$/mml:msup$\greater$$\less$/mml:msub$\greater$$\less$/mml:math$\greater$
		 puzzles},
	journal = {Physical Review D}
}

@article{paper,
      title={TASI Lectures on the Particle Physics and Astrophysics of Dark Matter}, 
      author={Benjamin R. Safdi},
      year={2023},
      eprint={2303.02169},
      archivePrefix={arXiv},
      primaryClass={hep-ph},
      url={https://arxiv.org/abs/2303.02169}, 
}


